


@book{thomas,
    title = {Fundamentos de Sistemas Digitales},
    author = {Thomas L. Floyd},
    year = {2006},
    publisher = {PEARSON EDUCACION S.A},
    keywords = {digitals}
}

